@article{sirignano,
author = {Sirignano, Justin and Spiliopoulos, Konstantinos},
year = {2017},
month = {08},
pages = {},
title = {DGM: A deep learning algorithm for solving partial differential equations},
volume = {375},
journal = {Journal of Computational Physics},
url = {10.1016/j.jcp.2018.08.029}
}
@article{kurkova,
	title = "Kolmogorov's theorem and multilayer neural networks",
	journal = "Neural Networks",
	volume = "5",
	number = "3",
	pages = "501 - 506",
	year = "1992",
	issn = "0893-6080",
	doi = "https://doi.org/10.1016/0893-6080(92)90012-8",
	url = "http://www.sciencedirect.com/science/article/pii/0893608092900128",
	author = "V. Kurkova.",
}
@article{hornik,
	title = "Approximation capabilities of multilayer feedforward networks",
	journal = "Neural Networks",
	volume = "4",
	number = "2",
	pages = "251 - 257",
	year = "1991",
	issn = "0893-6080",
	doi = "https://doi.org/10.1016/0893-6080(91)90009-T",
	url = "http://www.sciencedirect.com/science/article/pii/089360809190009T",
	author = "Kurt Hornik",
}
@book{friedman,
	title={Foundations of Modern Analysis},
	author={Friedman, A.},
	isbn={9780030812910},
	lccn={73107332},
	url={https://books.google.com/books?id=i4yYQgAACAAJ},
	year={1970},
	publisher={Holt, Rinehart, and Winston}
}


@inproceedings{nielsen,
	added-at = {2008-03-11T14:52:34.000+0100},
	author = {Nielsen, Robert H.},
	biburl = {https://www.bibsonomy.org/bibtex/2b83c6bfdecce088e020a6318b274d45e/idsia},
	booktitle = {{P}roceedings of the IEEE First International Conference on Neural Networks {\rm ({S}an {D}iego, {CA})}},
	citeulike-article-id = {2377065},
	interhash = {00d80d55067de08d6bd219ecdef46323},
	intrahash = {b83c6bfdecce088e020a6318b274d45e},
	key = {ICNN},
	keywords = {nn},
	pages = {11--13},
	priority = {2},
	publisher = {Piscataway, NJ: IEEE},
	timestamp = {2008-03-11T15:04:00.000+0100},
	title = {{K}olmogorov's Mapping Neural Network Existence Theorem},
	volume = {III},
	year = 1987
}
@Article{cybenko,
	author="Cybenko, G.",
	title="Approximation by superpositions of a sigmoidal function",
	journal="Mathematics of Control, Signals and Systems",
	year="1989",
	month="Dec",
	day="01",
	volume="2",
	number="4",
	pages="303--314",
	issn="1435-568X",
	doi="10.1007/BF02551274",
	url="https://doi.org/10.1007/BF02551274"
}

@article{weinan,
	title = "The Deep Ritz Method: A Deep Learning-Based Numerical Algorithm for Solving Variational Problems",
	author = "Weinan E and Bing Yu",
	year = "2018",
	month = "3",
	day = "1",
	doi = "10.1007/s40304-018-0127-z",
	language = "English (US)",
	volume = "6",
	journal = "Communications in Mathematics and Statistics",
	issn = "2194-6701",
	publisher = "Springer Verlag",
	number = "1",
}

@article{raissi,
	author = {Raissi, Maziar},
	title = {Deep Hidden Physics Models: Deep Learning of Nonlinear Partial Differential Equations},
	journal = {J. Mach. Learn. Res.},
	issue_date = {January 2018},
	volume = {19},
	number = {1},
	month = jan,
	year = {2018},
	issn = {1532-4435},
	pages = {932--955},
	numpages = {24},
	url = {http://dl.acm.org/citation.cfm?id=3291125.3291150},
	acmid = {3291150},
	publisher = {JMLR.org},
	keywords = {big data, data-driven scientific discovery, nonlinear dynamics, physics informed machine learning, predictive modeling, systems identification},
} 

@article{hsieh,
	author    = {Jun{-}Ting Hsieh and
	Shengjia Zhao and
	Stephan Eismann and
	Lucia Mirabella and
	Stefano Ermon},
	title     = {Learning Neural {PDE} Solvers with Convergence Guarantees},
	journal   = {CoRR},
	volume    = {abs/1906.01200},
	year      = {2019},
	url       = {http://arxiv.org/abs/1906.01200},
	archivePrefix = {arXiv},
	eprint    = {1906.01200},
	timestamp = {Thu, 13 Jun 2019 13:36:00 +0200},
	biburl    = {https://dblp.org/rec/bib/journals/corr/abs-1906-01200},
	bibsource = {dblp computer science bibliography, https://dblp.org}
}

